<record><leader>00000cas a2200000 a 4500</leader><controlfield tag="001">54833006</controlfield><controlfield tag="008">040329c19689999iluwr ne      0    0eng c</controlfield><datafield ind1=" " ind2=" " tag="010"><subfield code="a">sn2004060357</subfield></datafield><datafield ind1=" " ind2=" " tag="040"><subfield code="a">NYS</subfield><subfield code="b">eng</subfield><subfield code="c">NYS</subfield><subfield code="d">OCLCQ</subfield><subfield code="d">OCLCF</subfield><subfield code="d">OCLCO</subfield></datafield><datafield ind1="1" ind2=" " tag="029"><subfield code="a">AU@</subfield><subfield code="b">000025420910</subfield></datafield><datafield ind1=" " ind2=" " tag="042"><subfield code="a">pcc</subfield></datafield><datafield ind1=" " ind2=" " tag="043"><subfield code="a">n-us-il</subfield></datafield><datafield ind1="0" ind2=" " tag="130"><subfield code="a">Southern agitator (Carbondale, Ill.)</subfield></datafield><datafield ind1="1" ind2="0" tag="245"><subfield code="a">Southern agitator.</subfield></datafield><datafield ind1=" " ind2=" " tag="260"><subfield code="a">Carbondale, Il. :</subfield><subfield code="b">Students of Southern Illinois University,</subfield><subfield code="c">1968-</subfield></datafield><datafield ind1=" " ind2=" " tag="300"><subfield code="a">v. :</subfield><subfield code="b">ill.</subfield></datafield><datafield ind1=" " ind2=" " tag="310"><subfield code="a">Weekly (after 1984)</subfield></datafield><datafield ind1=" " ind2=" " tag="321"><subfield code="a">Irregular,</subfield><subfield code="b">&lt;1968-&gt;</subfield></datafield><datafield ind1="0" ind2=" " tag="362"><subfield code="a">No. 1 (May 27, 1968)-</subfield></datafield><datafield ind1=" " ind2=" " tag="515"><subfield code="a">Numbering starts again in 1984 with Vol. 1.</subfield></datafield><datafield ind1=" " ind2=" " tag="530"><subfield code="a">Available on microfilm from UMI (Underground Newspaper/Press Collection).</subfield></datafield><datafield ind1="2" ind2="0" tag="610"><subfield code="a">Southern Illinois University at Carbondale</subfield><subfield code="v">Newspapers.</subfield></datafield><datafield ind1=" " ind2="0" tag="650"><subfield code="a">College student newspapers and periodicals</subfield><subfield code="z">Illinois</subfield><subfield code="z">Carbondale.</subfield></datafield><datafield ind1=" " ind2="0" tag="650"><subfield code="a">Underground press publications</subfield><subfield code="z">Illinois</subfield><subfield code="z">Carbondale.</subfield></datafield><datafield ind1=" " ind2="0" tag="651"><subfield code="a">Carbondale (Ill.)</subfield><subfield code="v">Newspapers.</subfield></datafield><datafield ind1=" " ind2="0" tag="651"><subfield code="a">Jackson County (Ill.)</subfield><subfield code="v">Newspapers.</subfield></datafield><datafield ind1=" " ind2="7" tag="655"><subfield code="a">Newspapers.</subfield><subfield code="2">fast</subfield><subfield code="0">(OCoLC)fst01423814</subfield></datafield><datafield ind1="2" ind2="7" tag="610"><subfield code="a">Southern Illinois University at Carbondale.</subfield><subfield code="2">fast</subfield><subfield code="0">(OCoLC)fst00549688</subfield></datafield><datafield ind1=" " ind2="7" tag="650"><subfield code="a">College student newspapers and periodicals.</subfield><subfield code="2">fast</subfield><subfield code="0">(OCoLC)fst00867966</subfield></datafield><datafield ind1=" " ind2="7" tag="650"><subfield code="a">Underground press publications.</subfield><subfield code="2">fast</subfield><subfield code="0">(OCoLC)fst01160984</subfield></datafield><datafield ind1=" " ind2="7" tag="651"><subfield code="a">Illinois</subfield><subfield code="z">Carbondale.</subfield><subfield code="2">fast</subfield><subfield code="0">(OCoLC)fst01206446</subfield></datafield><datafield ind1=" " ind2="7" tag="651"><subfield code="a">Illinois</subfield><subfield code="z">Jackson County.</subfield><subfield code="2">fast</subfield><subfield code="0">(OCoLC)fst01207037</subfield></datafield><datafield ind1="2" ind2=" " tag="710"><subfield code="a">Southern Illinois University at Carbondale.</subfield></datafield><datafield ind1=" " ind2=" " tag="752"><subfield code="a">United States</subfield><subfield code="b">Illinois</subfield><subfield code="c">Jackson</subfield><subfield code="d">Carbondale.</subfield></datafield></record>